% This file was created with JabRef 2.7b.
% Encoding: UTF8

@ARTICLE{min2007fourier,
  author = {M. S. MIN, S. M. KABER, AND W. S. DON},
  title = {FOURIER ADE APPROXIMATIONS AND FILTERING FOR SPECTRAL SIMULATIONS
	OF AN INCOMPRESSIBLE BOUSSINESQ CONVECTION PROBLEM},
  journal = {MATHEMATICS OF COMPUTATION},
  year = {July 2007},
  pages = {Pages 1275â€“1290},
  file = {:min2007fourier.pdf:PDF},
  owner = {user},
  timestamp = {2014.12.15}
}

@ARTICLE{1994smallscale,
  author = {Weinan E, Chi-Wang Shu},
  title = {Smallscale structures in Boussinesq convection},
  journal = {Physics of fluids},
  year = {1994},
  volume = {doi: 10.1063/1.868044},
  file = {:/home/user/document/Paper/others/Boussinesq.pdf:PDF},
  owner = {user},
  timestamp = {2014.12.15}
}

@comment{jabref-meta: selector_publisher:}

@comment{jabref-meta: fileDirectory-user:/home/user/document/Paper/oth
ers;}

@comment{jabref-meta: psDirectory:/home/user/document/Paper/others;}

@comment{jabref-meta: selector_author:}

@comment{jabref-meta: selector_journal:}

@comment{jabref-meta: selector_keywords:}

@comment{jabref-meta: pdfDirectory:/home/user/document/Paper/others;}

