\begin{thebibliography}{1}


@article{huang2017hill,
  title={Hill-Climbing Algorithm with a Stick for Unconstrained Optimization Problems},
  author={Huang, Yunqing and Jiang, Kai},
  journal={Advances in Applied Mathematics and Mechanics},
  volume={9},
  number={2},
  pages={307--323},
  year={2017},
  publisher={Cambridge University Press}
}


@Misc{simplexWiki,  
    howpublished = {\url{https://en.wikipedia.org/wiki/Simplex#Projection_onto_the_standard_simplex/}},  
}  



\end{thebibliography}
