% Encoding: UTF-8

@article{Jiang2018numerical,
	title= {Numerical mathematics of quasicrystals},
	author={ K. Jiang and P. Zhang},
	journal={Proc. Int. Cong. of Math.},
	  volume={3},
	  pages={3575--3594},
	  year={2018}
}

@article{bao2015dictionary,
  title={Dictionary learning for sparse coding: Algorithms and convergence analysis},
  author={Bao, Chenglong and Ji, Hui and Quan, Yuhui and Shen, Zuowei},
  journal={IEEE transactions on pattern analysis and machine intelligence},
  volume={38},
  number={7},
  pages={1356--1369},
  year={2015},
  publisher={IEEE}
}

@article{zhu2016fast,
  title={Fast high-order compact exponential time differencing Runge--Kutta methods for second-order semilinear parabolic equations},
  author={Zhu, Liyong and Ju, Lili and Zhao, Weidong},
  journal={Journal of Scientific Computing},
  volume={67},
  number={3},
  pages={1043--1065},
  year={2016},
  publisher={Springer}
}

@article{mermin1985mean,
  title={Mean-field theory of quasicrystalline order},
  author={Mermin, ND and Troian, Sandra M},
  journal={Physical review letters},
  volume={54},
  number={14},
  pages={1524},
  year={1985},
  publisher={APS}
}

@article{greenwood2011modeling,
  title = {Modeling structural transformations in binary alloys with phase field crystals},
  author = {Greenwood, Michael and Ofori-Opoku, Nana and Rottler, J\"org and Provatas, Nikolas},
  journal = {Phys. Rev. B},
  volume = {84},
  issue = {6},
  pages = {064104},
  numpages = {10},
  year = {2011},
  month = {Aug},
  publisher = {American Physical Society},
  doi = {10.1103/PhysRevB.84.064104},
  url = {https://link.aps.org/doi/10.1103/PhysRevB.84.064104}
}


@article{elder2007phase,
  title = {Phase-field crystal modeling and classical density functional theory of freezing},
  author = {Elder, K. R. and Provatas, Nikolas and Berry, Joel and Stefanovic, Peter and Grant, Martin},
  journal = {Phys. Rev. B},
  volume = {75},
  issue = {6},
  pages = {064107},
  numpages = {14},
  year = {2007},
  month = {Feb},
  publisher = {American Physical Society},
  doi = {10.1103/PhysRevB.75.064107},
  url = {https://link.aps.org/doi/10.1103/PhysRevB.75.064107}
}


@article{nestler2005multicomponent,
  title={Multicomponent alloy solidification: phase-field modeling and simulations},
  author={Nestler, Britta and Garcke, Harald and Stinner, Bj{\"o}rn},
  journal={Physical Review E},
  volume={71},
  number={4},
  pages={041609},
  year={2005},
  publisher={APS}
}

@article{chen2002phase,
  title={Phase-field models for microstructure evolution},
  author={Chen, Long-Qing},
  journal={Annual review of materials research},
  volume={32},
  number={1},
  pages={113--140},
  year={2002},
  publisher={Annual Reviews 4139 El Camino Way, PO Box 10139, Palo Alto, CA 94303-0139, USA}
}

@article{steinbach2013phase,
  title={Phase-field model for microstructure evolution at the mesoscopic scale},
  author={Steinbach, Ingo},
  journal={Annual Review of Materials Research},
  volume={43},
  pages={89--107},
  year={2013},
  publisher={Annual Reviews}
}

@Article{cross1993pattern,
  Title                    = {Pattern formation outside of equilibrium},
  Author                   = {Cross, Mark C and Hohenberg, Pierre C},
  Journal                  = {Reviews of modern physics},
  Year                     = {1993},
  Number                   = {3},
  Pages                    = {851},
  Volume                   = {65},

  File                     = {:cross1993pattern.pdf:PDF},
  Publisher                = {APS}
}

@article{bauschke2016descent,
  title={A descent lemma beyond Lipschitz gradient continuity: first-order methods revisited and applications},
  author={Bauschke, Heinz H and Bolte, J{\'e}r{\^o}me and Teboulle, Marc},
  journal={Mathematics of Operations Research},
  volume={42},
  number={2},
  pages={330--348},
  year={2016},
  publisher={INFORMS}
}

@article{li2019provable,
  title={Provable Bregman-divergence based Methods for Nonconvex and Non-Lipschitz Problems},
  author={Li, Qiuwei and Zhu, Zhihui and Tang, Gongguo and Wakin, Michael B},
  journal={arXiv preprint arXiv:1904.09712},
  year={2019}
}

@Article{Bregman,
  author  = {QiuWei Li, ZhiHui Zhu, GongGuo Tang, and Michael B.Wakin},
  journal = {arXiv preprint arXiv:1904.09712},
  title   = {Provable Bregman-Divergence based methods for nonconvex and non-Lipschitz problems},
  year    = {2019},
}

@Article{xi2006stability,
  author  = {Xu, Chuanju. and Tang, Tao.},
  journal = {SIAM Journal on Numerical Analysis},
  title   = {Stability Analysis of Large Time‚ÄêStepping Methods for Epitaxial Growth Models},
  year    = {2006},
  number  = {4},
  pages   = {1759-1779},
  volume  = {44},
  doi     = {10.1137/050628143},
  eprint  = {https://doi.org/10.1137/050628143},
  url     = {https://doi.org/10.1137/050628143},
}

@Article{KoMa14,
  title =	 {An Adaptive Shifted Power Method for Computing
                  Generalized Tensor Eigenpairs},
  author =	 {Tamara G. Kolda and Jackson R. Mayo},
  journal =	 {SIAM Journal on Matrix Analysis and Applications},
  number =	 4,
  volume =	 35,
  year =	 2014,
  month =	 dec,
  pages =	 {1563--1581},
}

@Article{leibler1980theory,
  author    = {Leibler, L.},
  title     = {{Theory of microphase separation in block copolymers}},
  journal   = {Macromolecules},
  year      = {1980},
  volume    = {13},
  number    = {6},
  pages     = {1602--1617},
  issn      = {0024-9297},
  file      = {:leibler1980theory.pdf:PDF},
  groups    = {Theory},
  publisher = {ACS Publications},
}

@Misc{siam,
  key = {zzz},
  title =	 {{SIAM} Style Manual: For journals and books},
  year =	 2013,
url = {https://www.siam.org/journals/pdf/stylemanual.pdf}}

@Misc{Hi14,
  author =	 {Nick Higham},
  title =	 {A Call for Better Indexes},
  howpublished = {SIAM Blogs},
  year =	 2014,
  month =	 nov,
  url =		 {http://blogs.siam.org/a-call-for-better-indexes/},
  urldate =	 {2015-04-05}
}

@Misc{PeKoPi14,
  title = {Accelerating Community Detection by Using {K}-core Subgraphs},
  author =	 {Chengbin Peng and Tamara G. Kolda and Ali Pinar},
  eprint =	 {1403.2226},
  year =	 2014,
  month =	 mar,
  eprintclass =	 {math.NA}
}


@Article{WoZhMeSh05,
  author =	 {Woessner, Donald E. and Zhang, Shanrong and
                  Merritt, Matthew E. and Sherry, A. Dean},
  title = {Numerical Solution of the {Bloch} Equations Provides Insights 
                  into the Optimum Design of {PARACEST} Agents for {MRI}},
  journal =	 {Magnetic Resonance in Medicine},
  volume =	 53,
  number =	 4,
  month =	 apr,
  year =	 2005,
  pages =	 {790--799},
  archiveprefix = {PubMed},
  archive =	 {https://www.ncbi.nlm.nih.gov/pubmed},
  eprint =	 {15799055}
}

@Article{Ne03,
  title =	 {Properties of Highly Clustered Networks},
  author =	 {Newman, M. E. J.},
  journal =	 {Phys. Rev. E},
  volume =	 {68},
  year =	 {2003},
  eid =		 {026121},
  pagetotal =	 6,
  month =	 aug,
}

@misc{clawpack,
  title =	 {Clawpack Software},
  author =	 {{Clawpack Development Team}},
  url =		 {http://www.clawpack.org},
  urldate =	 {2015/05/14},
  note =	 {Version 5.2.2},
  year =	 2015
}

@Misc{AMSMSC2010,
  title =	 {{Mathematics Subject Classification}},
  author =	 {{American Mathematical Society}},
  year =	 {2010},
  url =		 {http://www.ams.org/mathscinet/msc/msc2010.html},
  urldate =	 {2015/03/29},
}


@book{La86,
  author =	 "Leslie Lamport",
  title =	 "\LaTeX: A Document Preparation System",
  publisher =	 "Addison--Wesley",
  year =	 "1986",
  address =	 "Reading, MA"
}

@Book{MiGo04,
  author =	 {Frank Mittlebach and Michel Goossens},
  title =	 {The \LaTeX\ Companion},
  publisher =	 {Addison--Wesley},
  year =	 2004,
  edition =	 {2nd}}

@Book{GoVa13,
  author =	 {Golub, Gene H. and Van Loan, Charles F.},
  title =	 {Matrix Computations},
  publisher =	 {The Johns Hopkins University Press},
  address =	 {Baltimore},
  year =	 2013,
  edition =	 {4th}
}


@Misc{CalcI,
  author =	 {Paul Dawkins},
  title =	 {Paul's Online Math Notes: Calculus {I} --- Notes},
  url =               {http://tutorial.math.lamar.edu/Classes/CalcI/MeanValueTheorem.aspx},
  urldate =	 {2015-07-08}}

@Misc{amsmath,
  author =	 {{American Mathematical Society}},
  title =	 {User's Guide for the \texttt{amsmath} Package
                  (Version 2.0)},
  url =		 {ftp://ftp.ams.org/pub/tex/doc/amsmath/amsldoc.pdf},
  urldate =	 {2015-07-30},
  year =	 2002}

@Misc{shortmath,
  author =	 {Michael Downes},
  title =	 {Short Math Guide for {\LaTeX}},
  url =		 {ftp://ftp.ams.org/pub/tex/doc/amsmath/short-math-guide.pdf},
  urldate =	 {2015-07-30},
  year =	 2002}

@Misc{pgfplots,
  author =	 {Christian Feuers\"anger},
  title =	 {Manual for Package \texttt{PGFPLOTS}},
  month =	 may,
  year =	 2015,
  url =		 {http://sourceforge.net/projects/pgfplots}
}

@Article{APG,
  title =	 {AN EFFICIENT METHOD FOR COMPUTING STATIONARY
STATES OF PHASE FIELD CRYSTAL MODELS},
  author =	 {KAI JIANG and WEI SI and CHENGLONG BAO},
  year = 2019
}

@article{barzilai1988two,
	title={Two-point step size gradient methods},
	author={Barzilai, Jonathan and Borwein, Jonathan M},
	journal={IMA journal of numerical analysis},
	volume={8},
	number={1},
	pages={141--148},
	year={1988},
	publisher={Oxford University Press}
}

@article{xie2014sigma,
  title={$\sigma$ phase formed in conformationally asymmetric AB-type block copolymers},
  author={Xie, Nan and Li, Weihua and Qiu, Feng and Shi, An-Chang},
  journal={Acs Macro Letters},
  volume={3},
  number={9},
  pages={906--910},
  year={2014},
  publisher={ACS Publications}
}

@Article{arora2016broadly,
  Title                    = {Broadly accessible self-consistent field theory for block polymer materials discovery},
  Author                   = {Arora, Akash and Qin, Jian and Morse, David C and Delaney, Kris T and Fredrickson, Glenn H and Bates, Frank S and Dorfman, Kevin D},
  Journal                  = {Macromolecules},
  Year                     = {2016},
  Number                   = {13},
  Pages                    = {4675--4690},
  Volume                   = {49},
  Publisher                = {ACS Publications}
}

@Article{JBolte,
  Title                    = {First order methods beyond convexity and Lipschitz gradient continuity with applications to quadratic inverse problems},
  Author                   = {J.Bolte, S.Sabach, M.Teboulle, and Y.Vaisbourd},
  Journal                  = {SIAM Journal on Optimization},
  Year                     = {2018},
  Number                   = {28},
  Pages                    = {2131-2151}
}


@article{Heinz,
	title={A descent lemma beyond Lipschitz gradient continuity: first-order methods revisited and applications},
	author={Bauschke, Heinz H and Bolte, J{\'e}r{\^o}me and Teboulle, Marc},
	journal={Mathematics of Operations Research},
	volume={42},
	number={2},
	pages={330--348},
	year={2017},
	publisher={Informs}
}

@Article{Jan,
  author  = {Jan Bouwe van den Berg, J.F.Williams},
  journal = {SIAM Journal on Mathematical Analysis},
  title   = {Rigorously computing symmetric stationary states of the Ohta-Kawasaki problem in 3D},
  year    = {2019},
  number  = {1},
  pages   = {131-158},
  volume  = {51},
}

@article{ueda2010convergence,
	title={Convergence properties of the regularized Newton method for the unconstrained nonconvex optimization},
	author={Ueda, Kenji and Yamashita, Nobuo},
	journal={Applied Mathematics and Optimization},
	volume={62},
	number={1},
	pages={27--46},
	year={2010},
	publisher={Springer}
}

@article{bolte2018first,
	title={First order methods beyond convexity and Lipschitz gradient continuity with applications to quadratic inverse problems},
	author={Bolte, J{\'e}r{\^o}me and Sabach, Shoham and Teboulle, Marc and Vaisbourd, Yakov},
	journal={SIAM Journal on Optimization},
	volume={28},
	number={3},
	pages={2131--2151},
	year={2018},
	publisher={SIAM}
}

@Article{Ying,
  title =	 {Truncated regularized Newton method for convex minimizations},
  author =	 {YingJie LI, DongHui Li},
  journal =	 {Computational Optimization and Applications},
  volume =	 43,
  year =	 2009,
  pages =	 {119-131},
}

@Article{Polyak,
  title =	 {Regularized Newton method for unconstrained
convex optimization},
  author =	 {Roman A. Polyak},
  journal =	 {Mathematical Programming},
  volume =	 120,
  year =	 2009,}

@article{beck2009fast,
	title={A fast iterative shrinkage-thresholding algorithm for linear inverse problems},
	author={Beck, Amir and Teboulle, Marc},
	journal={SIAM journal on imaging sciences},
	volume={2},
	number={1},
	pages={183--202},
	year={2009},
	publisher={SIAM}
}

@article{tseng2008accelerated,
	title={On accelerated proximal gradient methods for convex-concave optimization},
	author={Tseng, Paul},
	journal={SIAM Journal on Optimization},
	volume={2},
	pages={3},
	year={2008}
}

@article{ulbrich2015proximal,
  title={A proximal gradient method for ensemble density functional theory},
  author={Ulbrich, Michael and Wen, Zaiwen and Yang, Chao and Klockner, Dennis and Lu, Zhaosong},
  journal={SIAM Journal on Scientific Computing},
  volume={37},
  number={4},
  pages={A1975--A2002},
  year={2015},
  publisher={SIAM}
}

@article{liu2015analysis,
	title={On the analysis of the discretized Kohn--Sham density functional theory},
	author={Liu, Xin and Wen, Zaiwen and Wang, Xiao and Ulbrich, Michael and Yuan, Yaxiang},
	journal={SIAM Journal on Numerical Analysis},
	volume={53},
	number={4},
	pages={1758--1785},
	year={2015},
	publisher={SIAM}
}

@article{wu2017regularized,
	title={A regularized Newton method for computing ground states of Bose--Einstein condensates},
	author={Wu, Xinming and Wen, Zaiwen and Bao, Weizhu},
	journal={Journal of Scientific Computing},
	volume={73},
	number={1},
	pages={303--329},
	year={2017},
	publisher={Springer}
}

@Article{brazovskii1975phase,
  author  = {Brazovski«ê, SA},
  journal = {Soviet Journal of Experimental and Theoretical Physics},
  title   = {Phase transition of an isotropic system to a nonuniform state},
  year    = {1975},
  pages   = {85},
  volume  = {41},
}

@article{lifshitz1997theoretical,
  title={Theoretical model for Faraday waves with multiple-frequency forcing},
  author={Lifshitz, Ron and Petrich, Dean M},
  journal={Physical review letters},
  volume={79},
  number={7},
  pages={1261},
  year={1997},
  publisher={APS}
}


@Article{lifshitz2007soft,
  Title                    = {Soft quasicrystals--Why are they stable?},
  Author                   = {Lifshitz, R. and Diamant, H.},
  Journal                  = {Philosophical Magazine},
  Year                     = {2007},
  Number                   = {18-21},
  Pages                    = {3021--3030},
  Volume                   = {87}
}

@article{jiang2015stability,
  title={Stability of two-dimensional soft quasicrystals in systems with two length scales},
  author={Jiang, Kai and Tong, Jiajun and Zhang, Pingwen and Shi, An-Chang},
  journal={Physical Review E},
  volume={92},
  number={4},
  pages={042159},
  year={2015},
  publisher={APS}
}

@article{celledoni2012preserving,
  title={Preserving energy resp. dissipation in numerical PDEs using the Average Vector Field method},
  author={Celledoni, Elena and Grimm, Volker and McLachlan, Robert I and McLaren, DI and O Neale, D and Owren, Brynjulf and Quispel, GRW},
  journal={Journal of Computational Physics},
  volume={231},
  number={20},
  pages={6770--6789},
  year={2012},
  publisher={Elsevier}
}

@article{li2013maximum,
  title={Maximum principle for the finite element solution of time-dependent anisotropic diffusion problems},
  author={Li, Xianping and Huang, Weizhang},
  journal={Numerical Methods for Partial Differential Equations},
  volume={29},
  number={6},
  pages={1963--1985},
  year={2013},
  publisher={Wiley Online Library}
}


@inproceedings{su2014differential,
	title={A differential equation for modeling Nesterov‚Äôs accelerated gradient method: Theory and insights},
	author={Su, Weijie and Boyd, Stephen and Candes, Emmanuel},
	booktitle={Advances in Neural Information Processing Systems},
	pages={2510--2518},
	year={2014}
}

@article{o2015adaptive,
  title={Adaptive restart for accelerated gradient schemes},
  author={O'donoghue, Brendan and Candes, Emmanuel},
  journal={Foundations of computational mathematics},
  volume={15},
  number={3},
  pages={715--732},
  year={2015},
  publisher={Springer}
}

@article{bolte2014proximal,
	title={Proximal alternating linearized minimization for nonconvex and nonsmooth problems},
	author={Bolte, J{\'e}r{\^o}me and Sabach, Shoham and Teboulle, Marc},
	journal={Mathematical Programming},
	volume={146},
	number={1-2},
	pages={459--494},
	year={2014},
	publisher={Springer}
}


@article{bao2018coherence,
title={Coherence retrieval using trace regularization},
author={Bao, Chenglong and Barbastathis, George and Ji, Hui and Shen, Zuowei and Zhang, Zhengyun},
journal={SIAM Journal on Imaging Sciences},
volume={11},
number={1},
pages={679--706},
year={2018},
publisher={SIAM}
}

@article{osher2018laplacian,
	title={Laplacian smoothing gradient descent},
	author={Osher, Stanley and Wang, Bao and Yin, Penghang and Luo, Xiyang and Pham, Minh and Lin, Alex},
	journal={arXiv preprint arXiv:1806.06317},
	year={2018}
}
@article{xu2006stability,
  title={Stability analysis of large time-stepping methods for epitaxial growth models},
  author={Xu, Chuanju and Tang, Tao},
  journal={SIAM Journal on Numerical Analysis},
  volume={44},
  number={4},
  pages={1759--1779},
  year={2006},
  publisher={SIAM}
}

@Book{NumericalOpt,
  author    = {Jorge Necedal and Stephen J.Wright},
  publisher = {Springer},
  title     = {Numerical Optimization},
  year      = {2006},
}

@Article{zhang2008efficient,
  Title                    = {{An efficient numerical method of Landau-Brazovskii model}},
  Author                   = {Zhang, P. and Zhang, X.},
  Journal                  = {Journal of Computational Physics},
  Year                     = {2008},
  Number                   = {11},
  Pages                    = {5859--5870},
  Volume                   = {227},

  File                     = {:zhang2008efficient.pdf:PDF},
  ISSN                     = {0021-9991},
  Publisher                = {Elsevier}
}

@Article{lee2010discovery,
  author    = {Lee, Sangwoo and Bluemle, Michael J and Bates, Frank S},
  journal   = {Science},
  title     = {Discovery of a Frank-Kasper $\sigma$ Phase in Sphere-Forming Block Copolymer Melts},
  year      = {2010},
  number    = {6002},
  pages     = {349},
  volume    = {330},
  file      = {:lee2010discovery.pdf:PDF},
  publisher = {American Association for the Advancement of Science},
}

@article{jiang2013discovery,
  title={Discovery of new metastable patterns in diblock copolymers},
  author={Jiang, Kai and Wang, Chu and Huang, Yunqing and Zhang, Pingwen},
  journal={Communications in Computational Physics},
  volume={14},
  number={2},
  pages={443--460},
  year={2013},
  publisher={Cambridge University Press}
}

@article{dotera2014mosaic,
  title={Mosaic two-lengthscale quasicrystals},
  author={Dotera, T and Oshiro, T and Ziherl, Primo{\v{z}}},
  journal={Nature},
  volume={506},
  number={7487},
  pages={208},
  year={2014},
  publisher={Nature Publishing Group}
}

@Book{provatas2010phase,
  author    = {Provatas, Nikolas and Elder, Ken},
  publisher = {Wiley-VCH},
  title     = {Phase-field methods in materials science and engineering},
  year      = {2010},
  file      = {:provatas2010phase.pdf:PDF},
  keywords  = {phase field},
}

@Article{swift1977hydrodynamic,
  author    = {Swift, Ju and Hohenberg, Pierre C},
  journal   = {Physical Review A},
  title     = {Hydrodynamic fluctuations at the convective instability},
  year      = {1977},
  month     = {Jan},
  pages     = {319--328},
  volume    = {15},
  doi       = {10.1103/PhysRevA.15.319},
  file      = {:swift1977hydrodynamic.pdf:PDF},
  issue     = {1},
  numpages  = {0},
  publisher = {American Physical Society},
  url       = {http://link.aps.org/doi/10.1103/PhysRevA.15.319},
}

@article{shen2018scalar,
  title={The scalar auxiliary variable (SAV) approach for gradient flows},
  author={Shen, Jie and Xu, Jie and Yang, Jiang},
  journal={Journal of Computational Physics},
  volume={353},
  pages={407--416},
  year={2018},
  publisher={Elsevier}
}

@article{shi1996theory,
  title={Theory of anisotropic fluctuations in ordered block copolymer phases},
  author={Shi, An-Chang and Noolandi, Jaan and Desai, Rashmi C},
  journal={Macromolecules},
  volume={29},
  number={20},
  pages={6487--6504},
  year={1996},
  publisher={ACS Publications}
}

@Article{jiang2014numerical,
  Title                    = {Numerical methods for quasicrystals},
  Author = {Jiang, Kai and Zhang, Pingwen},
  Journal                  = {Journal of Computational Physics},
  Year                     = {2014},
  Number                   = {1},
  Pages                    = {428--440},
  Volume                   = {256},

  File                     = {:jiang2014numerical.pdf:PDF},
  Publisher                = {Elsevier}
}

@Misc{katznelson2004anintroduction,
  author    = {Yitzhak Katznelson},
  title     = {An Introduction to Harmonic Analysis},
  year      = {2004},
  publisher = {Cambridge University Press},
}

@Article{hiller1985crystallographic,
  Title                    = {The crystallographic restriction in higher dimensions},
  Author                   = {Hiller, H},
  Journal                  = {Acta Crystallographica Section A: Foundations of Crystallography},
  Year                     = {1985},
  Number                   = {6},
  Pages                    = {541--544},
  Volume                   = {41},

  File                     = {:hiller1985crystallographic.pdf:PDF},
  Publisher                = {International Union of Crystallography}
}

@Article{savitz2018multiple,
  author    = {Savitz, Samuel and Babadi, Mehrtash and Lifshitz, Ron},
  title     = {Multiple-scale structures: from Faraday waves to soft-matter quasicrystals},
  journal   = {IUCrJ},
  year      = {2018},
  volume    = {5},
  number    = {3},
  file      = {:savitz2018multiple.pdf:PDF},
  groups    = {theory},
  publisher = {International Union of Crystallography},
}


@Article{mkhonta2013exploring,
  author    = {Mkhonta, S. K. and Elder, K. R. and Huang, Zhi-Feng},
  title     = {Exploring the Complex World of Two-Dimensional Ordering with Three Modes},
  journal   = {Phys. Rev. Lett.},
  year      = {2013},
  volume    = {111},
  pages     = {035501},
  month     = {Jul},
  doi       = {10.1103/PhysRevLett.111.035501},
  file      = {:mkhonta2013exploring - Exploring the Complex World of Two-Dimensional Ordering with Three Modes.pdf:PDF},
  issue     = {3},
  keywords  = {phase field},
  numpages  = {5},
  publisher = {American Physical Society},
  url       = {https://link.aps.org/doi/10.1103/PhysRevLett.111.035501},
}

@Article{wise2009energy,
  author  = {Wise, Steven M and Wang, Cheng and Lowengrub, John S},
  journal = {SIAM Journal on Numerical Analysis},
  title   = {An energy-stable and convergent finite-difference scheme for the phase field crystal equation},
  year    = {2009},
  pages   = {2269},
  volume  = {47},
}

@article{yang2016linear,
  title={Linear, first and second-order, unconditionally energy stable numerical schemes for the phase field model of homopolymer blends},
  author={Yang, Xiaofeng},
  journal={Journal of Computational Physics},
  volume={327},
  pages={294--316},
  year={2016},
  publisher={Elsevier}
}

@Article{shen2010numerical,
  author    = {Shen, Jie and Yang, Xiaofeng},
  journal   = {Discrete \& Continuous Dynamical Systems-A},
  title     = {Numerical approximations of allen-cahn and cahn-hilliard equations},
  year      = {2010},
  number    = {4},
  pages     = {1669},
  volume    = {28},
  publisher = {American Institute of Mathematical Sciences},
}

@article{xiao2018regularized,
title={A regularized semi-smooth Newton method with projection steps for composite convex programs},
author={Xiao, Xiantao and Li, Yongfeng and Wen, Zaiwen and Zhang, Liwei},
journal={Journal of Scientific Computing},
volume={76},
number={1},
pages={364--389},
year={2018},
publisher={Springer}
}

@article{bregman1967relaxation,
title={The relaxation method of finding the common point of convex sets and its application to the solution of problems in convex programming},
author={Bregman, Lev M},
journal={USSR computational mathematics and mathematical physics},
volume={7},
number={3},
pages={200--217},
year={1967},
publisher={Elsevier}
}

@article{qiao2011adaptive,
  title={An adaptive time-stepping strategy for the molecular beam epitaxy models},
  author={Qiao, Zhonghua and Zhang, Zhengru and Tang, Tao},
  journal={SIAM Journal on Scientific Computing},
  volume={33},
  number={3},
  pages={1395--1414},
  year={2011},
  publisher={SIAM}
}

@article{jiang2016stability,
  title={Stability of soft quasicrystals in a coupled-mode Swift-Hohenberg model for three-component systems},
  author={Jiang, Kai and Tong, Jiajun and Zhang, Pingwen},
  journal={Communications in Computational Physics},
  volume={19},
  number={3},
  pages={559--581},
  year={2016},
  publisher={Cambridge University Press}
}



@article{zhao2010newton,
title={A Newton-CG augmented Lagrangian method for semidefinite programming},
author={Zhao, Xin-Yuan and Sun, Defeng and Toh, Kim-Chuan},
journal={SIAM Journal on Optimization},
volume={20},
number={4},
pages={1737--1765},
year={2010},
publisher={SIAM}
}

@article{jiang2020efficient,
  title={Efficient numerical methods for computing the stationary states of phase field crystal models},
  author={Jiang, Kai and Si, Wei and Chen, Chang and Bao, Chenglong},
  journal={Accepted by SIAM Journal on Scientific Computing (also see
		  arXiv:2002.09898)},
  year={2020}
}


@article{ahookhosh2019multi,
  title={Multi-block Bregman proximal alternating linearized minimization and its application to sparse orthogonal nonnegative matrix factorization},
  author={Ahookhosh, Masoud and Hien, Le Thi Khanh and Gillis, Nicolas and Patrinos, Panagiotis},
  journal={arXiv preprint arXiv:1908.01402},
  year={2019}
}

@book{brezis2010functional,
  title={Functional analysis, Sobolev spaces and partial differential equations},
  author={Brezis, Haim},
  year={2010},
  publisher={Springer Science \& Business Media}
}

@article{xu2017globally,
  title={A globally convergent algorithm for nonconvex optimization based on block coordinate update},
  author={Xu, Yangyang and Yin, Wotao},
  journal={Journal of Scientific Computing},
  volume={72},
  number={2},
  pages={700--734},
  year={2017},
  publisher={Springer}
}

@article{lu2013randomized,
  title={Randomized block coordinate non-monotone gradient method for a class of nonlinear programming},
  author={Lu, Zhaosong and Xiao, Lin},
  journal={arXiv preprint arXiv:1306.5918},
  volume={1273},
  year={2013},
  publisher={Technical report, June 2013}
}
@article{PhysRevB.84.064104,
  title = {Modeling structural transformations in binary alloys with phase field crystals},
  author = {Greenwood, Michael and Ofori-Opoku, Nana and Rottler, J\"org and Provatas, Nikolas},
  journal = {Phys. Rev. B},
  volume = {84},
  issue = {6},
  pages = {064104},
  numpages = {10},
  year = {2011},
  month = {Aug},
  publisher = {American Physical Society},
  doi = {10.1103/PhysRevB.84.064104},
  url = {https://link.aps.org/doi/10.1103/PhysRevB.84.064104}
}

@book{bauschke2011convex,
  title={Convex analysis and monotone operator theory in Hilbert spaces},
  author={Bauschke, Heinz H and Combettes, Patrick L and others},
  volume={408},
  year={2011},
  publisher={Springer}
}


@article{teboulle2018simplified,
  title={A simplified view of first order methods for optimization},
  author={Teboulle, Marc},
  journal={Mathematical Programming},
  volume={170},
  number={1},
  pages={67--96},
  year={2018},
  publisher={Springer}
}

@article{boyer2011numerical,
  title={Numerical schemes for a three component Cahn-Hilliard model},
  author={Boyer, Franck and Minjeaud, Sebastian},
  journal={ESAIM: Mathematical Modelling and Numerical Analysis},
  volume={45},
  number={4},
  pages={697--738},
  year={2011},
  publisher={EDP Sciences}
}

@article{yang2017numerical,
  title={Numerical approximations for a three-component Cahn--Hilliard phase-field model based on the invariant energy quadratization method},
  author={Yang, Xiaofeng and Zhao, Jia and Wang, Qi and Shen, Jie},
  journal={Mathematical Models and Methods in Applied Sciences},
  volume={27},
  number={11},
  pages={1993--2030},
  year={2017},
  publisher={World Scientific}
}

@Article{badalassi2003computation,
  author    = {Badalassi, Vittorio E and Ceniceros, Hector D and Banerjee, Sanjoy},
  journal   = {Journal of computational physics},
  title     = {Computation of multiphase systems with phase field models},
  year      = {2003},
  number    = {2},
  pages     = {371--397},
  volume    = {190},
  publisher = {Elsevier},
}
@article{yang2019unconditionally,
  title={An unconditionally energy-stable scheme based on an implicit auxiliary energy variable for incompressible two-phase flows with different densities involving only precomputable coefficient matrices},
  author={Yang, Zhiguo and Dong, Suchuan},
  journal={Journal of Computational Physics},
  volume={393},
  pages={229--257},
  year={2019},
  publisher={Elsevier}
}

@Article{qiao2019new,
  author    = {Qiao, Zhonghua and Sun, Shuyu and Zhang, Tao and Zhang, Yuze},
  title     = {A new multi-component diffuse interface model with peng-robinson equation of state and its scalar auxiliary variable (SAV) approach},
  year      = {2019},
  publisher = {Global Science Pressinfo@ global-sci. org},
}

@article{garcke1999multiphase,
  title={A multiphase field concept: numerical simulations of moving phase boundaries and multiple junctions},
  author={Garcke, Harald and Nestler, Britta and Stoth, Barbara},
  journal={SIAM Journal on Applied Mathematics},
  volume={60},
  number={1},
  pages={295--315},
  year={1999},
  publisher={SIAM}
}

@article{ofori2013multicomponent,
  title={Multicomponent phase-field crystal model for structural transformations in metal alloys},
  author={Ofori-Opoku, Nana and Fallah, Vahid and Greenwood, Michael and Esmaeili, Shahrzad and Provatas, Nikolas},
  journal={Physical Review B},
  volume={87},
  number={13},
  pages={134105},
  year={2013},
  publisher={APS}
}

@article{nestler2011phase,
  title={Phase-field modeling of multi-component systems},
  author={Nestler, Britta and Choudhury, Abhik},
  journal={Current opinion in solid state and Materials Science},
  volume={15},
  number={3},
  pages={93--105},
  year={2011},
  publisher={Elsevier}
}


@article{taha2019phase,
  title={Phase ordering, transformation, and grain growth of two-dimensional binary colloidal crystals: A phase field crystal modeling},
  author={Taha, Doaa and Dlamini, SR and Mkhonta, SK and Elder, KR and Huang, Zhi-Feng},
  journal={Physical Review Materials},
  volume={3},
  number={9},
  pages={095603},
  year={2019},
  publisher={APS}
}


@article{jiang2020stability,
  title={Stability of three-dimensional icosahedral quasicrystals in multi-component systems},
  author={Jiang, Kai and Si, Wei},
  journal={Philosophical Magazine},
  volume={100},
  number={1},
  pages={84--109},
  year={2020},
  publisher={Taylor \& Francis}
}

@article{powell1973search,
  title={On search directions for minimization algorithms},
  author={Powell, Michael JD},
  journal={Mathematical programming},
  volume={4},
  number={1},
  pages={193--201},
  year={1973},
  publisher={Springer}
}

@article{alster2017phase,
  title={Phase-field-crystal model for ordered crystals},
  author={Alster, Eli and Elder, KR and Hoyt, Jeffrey J and Voorhees, Peter W},
  journal={Physical Review E},
  volume={95},
  number={2},
  pages={022105},
  year={2017},
  publisher={APS}
}

@article{alster2017simulating,
  title={Simulating complex crystal structures using the phase-field crystal model},
  author={Alster, Eli and Montiel, David and Thornton, Katsuyo and Voorhees, Peter W},
  journal={Physical Review Materials},
  volume={1},
  number={6},
  pages={060801},
  year={2017},
  publisher={APS}
}

@article{elder2002modeling,
  title={Modeling elasticity in crystal growth},
  author={Elder, KR and Katakowski, Mark and Haataja, Mikko and Grant, Martin},
  journal={Physical review letters},
  volume={88},
  number={24},
  pages={245701},
  year={2002},
  publisher={APS}
}

@article{elder2004modeling,
  title={Modeling elastic and plastic deformations in nonequilibrium processing using phase field crystals},
  author={Elder, KR and Grant, Martin},
  journal={Physical Review E},
  volume={70},
  number={5},
  pages={051605},
  year={2004},
  publisher={APS}
}


@article{elliott1993global,
  title={The global dynamics of discrete semilinear parabolic equations},
  author={Elliott, Charles M and Stuart, AM},
  journal={SIAM journal on numerical analysis},
  volume={30},
  number={6},
  pages={1622--1663},
  year={1993},
  publisher={SIAM}
}

@article{guo2018high,
  title={A high order adaptive time-stepping strategy and local discontinuous Galerkin method for the modified phase field crystal equation},
  author={Guo, Ruihan and Xu, Yan},
  journal={Comput. Phys},
  volume={24},
  number={1},
  pages={123--151},
  year={2018}
}

@article{chen2020energy,
  title={Energy stable numerical schemes for Ternary Cahn-Hilliard system},
  author={Chen, Wenbin and Wang, Cheng and Wang, Shufen and Wang, Xiaoming and Wise, Steven M},
  journal={J. Sci. Comput.},
  volume={84},
  pages={27},
  year={2020}
}

@Comment{jabref-meta: databaseType:bibtex;}